@article{hadden2004descriptive,
  title={Descriptive dimensions of US occupations with data from the O* NET},
  author={Hadden, Wilbur C and Kravets, Nataliya and Muntaner, Carles},
  journal={Social Science Research},
  volume={33},
  number={1},
  pages={64--78},
  year={2004},
  publisher={Elsevier}
}