@Manual{R-base,
  title = {R: A Language and Environment for Statistical Computing},
  author = {{R Core Team}},
  organization = {R Foundation for Statistical Computing},
  address = {Vienna, Austria},
  year = {2021},
  url = {https://www.R-project.org/},
}
@Manual{R-papaja,
  title = {{papaja}: {Prepare} reproducible {APA} journal articles with {R Markdown}},
  author = {Frederik Aust and Marius Barth},
  year = {2020},
  note = {R package version 0.1.0.9997},
  url = {https://github.com/crsh/papaja},
}
@Manual{R-tinylabels,
  title = {{tinylabels}: Lightweight Variable Labels},
  author = {Marius Barth},
  year = {2021},
  note = {R package version 0.2.1},
  url = {https://github.com/mariusbarth/tinylabels},
}
@Manual{R-careless,
  title = {careless: Procedures for computing indices of careless responding},
  author = {Richard D. Yentes and Francisco Wilhelm},
  year = {2021},
  note = {R package version 1.2.1},
}
@Manual{R-datarium,
  title = {datarium: Data Bank for Statistical Analysis and Visualization},
  author = {Alboukadel Kassambara},
  year = {2019},
  note = {R package version 0.1.0},
  url = {https://CRAN.R-project.org/package=datarium},
}
@Manual{R-dplyr,
  title = {dplyr: A Grammar of Data Manipulation},
  author = {Hadley Wickham and Romain François and Lionel Henry and Kirill Müller and Davis Vaughan},
  year = {2023},
  note = {R package version 1.1.2},
  url = {https://CRAN.R-project.org/package=dplyr},
}
@Manual{R-ez,
  title = {ez: Easy Analysis and Visualization of Factorial Experiments},
  author = {Michael A. Lawrence},
  year = {2016},
  note = {R package version 4.4-0},
  url = {https://CRAN.R-project.org/package=ez},
}
@Manual{R-forcats,
  title = {forcats: Tools for Working with Categorical Variables (Factors)},
  author = {Hadley Wickham},
  year = {2023},
  note = {R package version 1.0.0},
  url = {https://CRAN.R-project.org/package=forcats},
}
@Book{R-ggplot2,
  author = {Hadley Wickham},
  title = {ggplot2: Elegant Graphics for Data Analysis},
  publisher = {Springer-Verlag New York},
  year = {2016},
  isbn = {978-3-319-24277-4},
  url = {https://ggplot2.tidyverse.org},
}
@Manual{R-ggpubr,
  title = {ggpubr: 'ggplot2' Based Publication Ready Plots},
  author = {Alboukadel Kassambara},
  year = {2023},
  note = {R package version 0.6.0},
  url = {https://CRAN.R-project.org/package=ggpubr},
}
@Manual{R-labourR,
  title = {labourR: Classify Multilingual Labour Market Free-Text to Standardized
Hierarchical Occupations},
  author = {Alexandros Kouretsis and Andreas Bampouris and Petros Morfiris and Konstantinos Papageorgiou},
  year = {2020},
  note = {R package version 1.0.0},
  url = {https://CRAN.R-project.org/package=labourR},
}
@Article{R-lubridate,
  title = {Dates and Times Made Easy with {lubridate}},
  author = {Garrett Grolemund and Hadley Wickham},
  journal = {Journal of Statistical Software},
  year = {2011},
  volume = {40},
  number = {3},
  pages = {1--25},
  url = {https://www.jstatsoft.org/v40/i03/},
}
@Manual{R-magick,
  title = {magick: Advanced Graphics and Image-Processing in R},
  author = {Jeroen Ooms},
  year = {2023},
  note = {R package version 2.7.4},
  url = {https://CRAN.R-project.org/package=magick},
}
@Manual{R-purrr,
  title = {purrr: Functional Programming Tools},
  author = {Hadley Wickham and Lionel Henry},
  year = {2023},
  note = {R package version 1.0.1},
  url = {https://CRAN.R-project.org/package=purrr},
}
@Manual{R-readr,
  title = {readr: Read Rectangular Text Data},
  author = {Hadley Wickham and Jim Hester and Jennifer Bryan},
  year = {2023},
  note = {R package version 2.1.4},
  url = {https://CRAN.R-project.org/package=readr},
}
@Manual{R-rstatix,
  title = {rstatix: Pipe-Friendly Framework for Basic Statistical Tests},
  author = {Alboukadel Kassambara},
  year = {2023},
  note = {R package version 0.7.2},
  url = {https://CRAN.R-project.org/package=rstatix},
}
@Manual{R-stringr,
  title = {stringr: Simple, Consistent Wrappers for Common String Operations},
  author = {Hadley Wickham},
  year = {2022},
  note = {R package version 1.5.0},
  url = {https://CRAN.R-project.org/package=stringr},
}
@Manual{R-tibble,
  title = {tibble: Simple Data Frames},
  author = {Kirill Müller and Hadley Wickham},
  year = {2023},
  note = {R package version 3.2.1},
  url = {https://CRAN.R-project.org/package=tibble},
}
@Manual{R-tidyr,
  title = {tidyr: Tidy Messy Data},
  author = {Hadley Wickham and Davis Vaughan and Maximilian Girlich},
  year = {2023},
  note = {R package version 1.3.0},
  url = {https://CRAN.R-project.org/package=tidyr},
}
@Article{R-tidyverse,
  title = {Welcome to the {tidyverse}},
  author = {Hadley Wickham and Mara Averick and Jennifer Bryan and Winston Chang and Lucy D'Agostino McGowan and Romain François and Garrett Grolemund and Alex Hayes and Lionel Henry and Jim Hester and Max Kuhn and Thomas Lin Pedersen and Evan Miller and Stephan Milton Bache and Kirill Müller and Jeroen Ooms and David Robinson and Dana Paige Seidel and Vitalie Spinu and Kohske Takahashi and Davis Vaughan and Claus Wilke and Kara Woo and Hiroaki Yutani},
  year = {2019},
  journal = {Journal of Open Source Software},
  volume = {4},
  number = {43},
  pages = {1686},
  doi = {10.21105/joss.01686},
}

@article{rosen2020challenges,
  title={When challenges hinder: An investigation of when and how challenge stressors impact employee outcomes.},
  author={Rosen, Christopher C and Dimotakis, Nikolaos and Cole, Michael S and Taylor, Shannon G and Simon, Lauren S and Smith, Troy A and Reina, Christopher S},
  journal={Journal of Applied Psychology},
  volume={105},
  number={10},
  pages={1181},
  year={2020},
  publisher={American Psychological Association}
}

@article{lepine2022challenge,
  title={The challenge-hindrance stressor framework: an integrative conceptual review and path forward},
  author={LePine, Marcie A},
  journal={Group \& Organization Management},
  volume={47},
  number={2},
  pages={223--254},
  year={2022},
  publisher={SAGE Publications Sage CA: Los Angeles, CA}
}

@article{kim2020thriving,
  title={Thriving on demand: Challenging work results in employee flourishing through appraisals and resources.},
  author={Kim, Minseo and Beehr, Terry A},
  journal={International Journal of Stress Management},
  volume={27},
  number={2},
  pages={111},
  year={2020},
  publisher={Educational Publishing Foundation}
}

@article{horan2020review,
  title={A review of the challenge-hindrance stress model: Recent advances, expanded paradigms, and recommendations for future research},
  author={Horan, Kristin A and Nakahara, Wheeler H and DiStaso, Michael J and Jex, Steve M},
  journal={Frontiers in Psychology},
  volume={11},
  pages={560346},
  year={2020},
  publisher={Frontiers Media SA}
}
