@book{hayes2022,
  title     = {Introduction to mediation, moderation, and conditional process analysis: A regression-based approach},
  author    = {Hayes, Andrew F.},
  year      = {2022},
  publisher = {The Guilford Press},
  address   = {New York},
  edition   = {3}
}

@article{hadden2004descriptive,
  title={Descriptive dimensions of US occupations with data from the O* NET},
  author={Hadden, Wilbur C and Kravets, Nataliya and Muntaner, Carles},
  journal={Social Science Research},
  volume={33},
  number={1},
  pages={64--78},
  year={2004},
  publisher={Elsevier}
}